<record><leader>00000cas a2200000 a 4500</leader><controlfield tag="001">657335675</controlfield><controlfield tag="008">100823c20039999ctuwr ne      0    0eng c</controlfield><datafield ind1=" " ind2=" " tag="010"><subfield code="a">  2010237561</subfield></datafield><datafield ind1=" " ind2=" " tag="040"><subfield code="a">CZL</subfield><subfield code="b">eng</subfield><subfield code="c">CZL</subfield><subfield code="d">CZL</subfield><subfield code="d">OCLCA</subfield><subfield code="d">OCLCF</subfield></datafield><datafield ind1=" " ind2=" " tag="042"><subfield code="a">pcc</subfield></datafield><datafield ind1=" " ind2=" " tag="043"><subfield code="a">n-us-ct</subfield></datafield><datafield ind1="1" ind2="4" tag="050"><subfield code="a">AN104.N7</subfield><subfield code="b">T56</subfield></datafield><datafield ind1="0" ind2=" " tag="130"><subfield code="a">New London times (New London, Conn.)</subfield></datafield><datafield ind1="1" ind2="0" tag="245"><subfield code="a">New London times.</subfield></datafield><datafield ind1=" " ind2=" " tag="260"><subfield code="a">Madison, CT :</subfield><subfield code="b">Shore Pub.</subfield></datafield><datafield ind1=" " ind2=" " tag="300"><subfield code="a">v. :</subfield><subfield code="b">ill. (some col.) ;</subfield><subfield code="c">30 cm.</subfield></datafield><datafield ind1=" " ind2=" " tag="310"><subfield code="a">Weekly</subfield></datafield><datafield ind1="1" ind2=" " tag="362"><subfield code="a">Began in 2003?</subfield></datafield><datafield ind1=" " ind2=" " tag="588"><subfield code="a">Description based on:  Vol. 2, issue 21 (May 27, 2005); title from masthead.</subfield></datafield><datafield ind1=" " ind2=" " tag="588"><subfield code="a">Latest issue consulted: Vol. 7, no. 32 (Aug. 12, 2010).</subfield></datafield><datafield ind1=" " ind2="0" tag="651"><subfield code="a">New London (Conn.)</subfield><subfield code="v">Newspapers.</subfield></datafield><datafield ind1=" " ind2="7" tag="655"><subfield code="a">Newspapers.</subfield><subfield code="2">fast</subfield><subfield code="0">(OCoLC)fst01423814</subfield></datafield><datafield ind1=" " ind2="7" tag="651"><subfield code="a">Connecticut</subfield><subfield code="z">New London.</subfield><subfield code="2">fast</subfield><subfield code="0">(OCoLC)fst01205494</subfield></datafield><datafield ind1=" " ind2=" " tag="752"><subfield code="a">United States</subfield><subfield code="b">Connecticut</subfield><subfield code="c">New London</subfield><subfield code="d">New London.</subfield></datafield></record>